<?xml version="1.0" encoding="UTF-8"?><collection xmlns="http://www.loc.gov/MARC21/slim"><record><leader>00472nam--2200181-i-4500</leader><controlfield tag="001">000039428</controlfield><controlfield tag="002">20161230</controlfield><controlfield tag="005">20161230201042</controlfield><controlfield tag="008">060222s1000------------r-----000-0-eng-d</controlfield><datafield ind1=" " ind2=" " tag="040"><subfield code="a">IFIN-HH</subfield></datafield><datafield ind1=" " ind2=" " tag="080"><subfield code="a">53(083)</subfield></datafield><datafield ind1="1" ind2=" " tag="100"><subfield code="a">Robson, John</subfield></datafield><datafield ind1="1" ind2="0" tag="245"><subfield code="a">Basic tables in physics</subfield><subfield code="c">John robson</subfield></datafield><datafield ind1=" " ind2=" " tag="260"><subfield code="a">New York</subfield><subfield code="b">Mcgraw-hill Book Co</subfield><subfield code="c">1967</subfield></datafield><datafield ind1=" " ind2=" " tag="300"><subfield code="a">X + 354P</subfield></datafield><datafield ind1=" " ind2=" " tag="490"><subfield code="a">Mcgraw-hill Basic Tables Series</subfield></datafield><datafield ind1=" " ind2=" " tag="852"><subfield code="a">13853</subfield><subfield code="c">53.081</subfield></datafield><datafield ind1=" " ind2=" " tag="CAT"><subfield code="a">Sys</subfield><subfield code="c">20151113</subfield><subfield code="h">105600</subfield></datafield></record></collection>